[gd_scene load_steps=19 format=2]

[ext_resource path="res://scripts/Level1.gd" type="Script" id=1]
[ext_resource path="res://Art/grass2.png" type="Texture" id=2]
[ext_resource path="res://Art/curtain.png" type="Texture" id=3]
[ext_resource path="res://scenes/Tree.tscn" type="PackedScene" id=4]
[ext_resource path="res://Art/cloud1.png" type="Texture" id=5]
[ext_resource path="res://Art/curtain_top.png" type="Texture" id=6]
[ext_resource path="res://Art/curtain_straight.png" type="Texture" id=7]
[ext_resource path="res://scenes/ScreenShake.tscn" type="PackedScene" id=8]
[ext_resource path="res://Art/curtain_rope.png" type="Texture" id=9]
[ext_resource path="res://scenes/SpawnNode.tscn" type="PackedScene" id=10]
[ext_resource path="res://Art/cloud2.png" type="Texture" id=11]
[ext_resource path="res://scenes/Grass.tscn" type="PackedScene" id=12]
[ext_resource path="res://scenes/TransitionScene.tscn" type="PackedScene" id=13]
[ext_resource path="res://Snd/Wacky Waiting.ogg" type="AudioStream" id=14]
[ext_resource path="res://scenes/Hud.tscn" type="PackedScene" id=15]
[ext_resource path="res://scenes/Rifle.tscn" type="PackedScene" id=16]
[ext_resource path="res://scenes/BackPanel.tscn" type="PackedScene" id=17]
[ext_resource path="res://Art/bg_wood.png" type="Texture" id=18]

[node name="Background" type="Node2D"]
script = ExtResource( 1 )

[node name="BottomPanel" type="Node2D" parent="."]

[node name="BottomPanel" type="Sprite" parent="BottomPanel"]
position = Vector2( 127.396, 704.47 )
texture = ExtResource( 18 )

[node name="BottomPanel2" type="Sprite" parent="BottomPanel"]
position = Vector2( 380.795, 704.47 )
texture = ExtResource( 18 )

[node name="BottomPanel3" type="Sprite" parent="BottomPanel"]
position = Vector2( 636.677, 704.47 )
texture = ExtResource( 18 )

[node name="BottomPanel4" type="Sprite" parent="BottomPanel"]
position = Vector2( 892.558, 704.47 )
texture = ExtResource( 18 )

[node name="BottomPanel5" type="Sprite" parent="BottomPanel"]
position = Vector2( 1148.44, 704.47 )
texture = ExtResource( 18 )

[node name="BottomPanel6" type="Sprite" parent="BottomPanel"]
position = Vector2( 1404.32, 704.47 )
texture = ExtResource( 18 )

[node name="BackPanels" type="Node2D" parent="."]
__meta__ = {
"_edit_lock_": true
}

[node name="BackPanel" parent="BackPanels" instance=ExtResource( 17 )]
position = Vector2( 386.287, -7.62939e-06 )
z_as_relative = false

[node name="BackPanel2" parent="BackPanels" instance=ExtResource( 17 )]
z_as_relative = false

[node name="BackPanel3" parent="BackPanels" instance=ExtResource( 17 )]
position = Vector2( 642.271, 0 )
z_as_relative = false

[node name="BackPanel4" parent="BackPanels" instance=ExtResource( 17 )]
position = Vector2( 896.411, 0 )
z_as_relative = false

[node name="BackPanel5" parent="BackPanels" instance=ExtResource( 17 )]
position = Vector2( 1152.41, -0.030304 )
z_as_relative = false

[node name="BackPanel6" parent="BackPanels" instance=ExtResource( 17 )]
position = Vector2( 1408.28, 0 )
z_as_relative = false

[node name="BackPanel7" parent="BackPanels" instance=ExtResource( 17 )]
position = Vector2( 130.309, 255.884 )
z_as_relative = false

[node name="BackPanel8" parent="BackPanels" instance=ExtResource( 17 )]
position = Vector2( 386.287, 255.884 )
z_as_relative = false

[node name="BackPanel9" parent="BackPanels" instance=ExtResource( 17 )]
position = Vector2( 642.271, 255.884 )
z_as_relative = false

[node name="BackPanel10" parent="BackPanels" instance=ExtResource( 17 )]
position = Vector2( 896.411, 255.884 )
z_as_relative = false

[node name="BackPanel11" parent="BackPanels" instance=ExtResource( 17 )]
position = Vector2( 1152.41, 255.854 )
z_as_relative = false

[node name="BackPanel12" parent="BackPanels" instance=ExtResource( 17 )]
position = Vector2( 1408.28, 255.884 )
z_as_relative = false

[node name="Clouds" type="Node2D" parent="."]
__meta__ = {
"_edit_lock_": true
}

[node name="Cloud" type="Sprite" parent="Clouds"]
position = Vector2( 144.872, 82.2579 )
texture = ExtResource( 5 )

[node name="Cloud2" type="Sprite" parent="Clouds"]
position = Vector2( 701.034, 82.2579 )
texture = ExtResource( 11 )

[node name="Cloud3" type="Sprite" parent="Clouds"]
position = Vector2( 1181.08, 88.3965 )
texture = ExtResource( 5 )

[node name="Trees" type="Node2D" parent="."]
position = Vector2( 187.369, 0 )
__meta__ = {
"_edit_lock_": true
}

[node name="Tree" parent="Trees" instance=ExtResource( 4 )]
position = Vector2( -244.253, -18.0928 )

[node name="Tree2" parent="Trees" instance=ExtResource( 4 )]
position = Vector2( 542.785, -14.2158 )

[node name="TreeSpawnPoints" type="Node2D" parent="Trees"]

[node name="Grasses" type="Node2D" parent="."]
position = Vector2( 0, 311.601 )
__meta__ = {
"_edit_lock_": true
}

[node name="Grass" parent="Grasses" instance=ExtResource( 12 )]

[node name="Grass2" parent="Grasses" instance=ExtResource( 12 )]
position = Vector2( 204.466, 56.4756 )

[node name="Grass3" parent="Grasses" instance=ExtResource( 12 )]
position = Vector2( 336.496, 56.4756 )

[node name="Grass4" parent="Grasses" instance=ExtResource( 12 )]
position = Vector2( 467.664, 56.9157 )

[node name="Grass5" parent="Grasses" instance=ExtResource( 12 )]
position = Vector2( 599.26, 56.9157 )

[node name="Grass6" parent="Grasses" instance=ExtResource( 12 )]
position = Vector2( 730.566, 56.9157 )

[node name="Grass7" parent="Grasses" instance=ExtResource( 12 )]
position = Vector2( 862.413, 56.9157 )

[node name="Grass8" parent="Grasses" instance=ExtResource( 12 )]
position = Vector2( 994.361, 56.9157 )

[node name="Grass9" parent="Grasses" instance=ExtResource( 12 )]
position = Vector2( 1126.4, 56.9157 )

[node name="Grass10" parent="Grasses" instance=ExtResource( 12 )]
position = Vector2( 1258.02, 56.9157 )

[node name="Grass2" type="Node2D" parent="."]

[node name="GrassSpawnPoints" type="Node2D" parent="Grass2"]
position = Vector2( 0, 311.601 )

[node name="SpawnNode" parent="Grass2/GrassSpawnPoints" instance=ExtResource( 10 )]
position = Vector2( 213.36, 170.649 )
Respawns = 10

[node name="SpawnNode2" parent="Grass2/GrassSpawnPoints" instance=ExtResource( 10 )]
position = Vector2( 359.968, 162.504 )
Respawns = 10

[node name="SpawnNode3" parent="Grass2/GrassSpawnPoints" instance=ExtResource( 10 )]
position = Vector2( 494.36, 164.947 )
Respawns = 10

[node name="SpawnNode4" parent="Grass2/GrassSpawnPoints" instance=ExtResource( 10 )]
position = Vector2( 664.588, 164.133 )
Respawns = 10
delay = 5.0

[node name="SpawnNode5" parent="Grass2/GrassSpawnPoints" instance=ExtResource( 10 )]
position = Vector2( 797.35, 162.504 )
Respawns = 10
delay = 1.0

[node name="SpawnNode6" parent="Grass2/GrassSpawnPoints" instance=ExtResource( 10 )]
position = Vector2( 924.411, 161.689 )
Respawns = 10
delay = 3.0

[node name="Grass" parent="Grass2" instance=ExtResource( 12 )]
position = Vector2( 64.682, 476.627 )
grass_texture = ExtResource( 2 )

[node name="Grass2" parent="Grass2" instance=ExtResource( 12 )]
position = Vector2( 196.048, 476.627 )
grass_texture = ExtResource( 2 )

[node name="Grass3" parent="Grass2" instance=ExtResource( 12 )]
position = Vector2( 327.413, 476.627 )
grass_texture = ExtResource( 2 )

[node name="Grass4" parent="Grass2" instance=ExtResource( 12 )]
position = Vector2( 458.779, 476.627 )
grass_texture = ExtResource( 2 )

[node name="Grass5" parent="Grass2" instance=ExtResource( 12 )]
position = Vector2( 589.525, 476.627 )
grass_texture = ExtResource( 2 )

[node name="Grass6" parent="Grass2" instance=ExtResource( 12 )]
position = Vector2( 719.163, 476.627 )
grass_texture = ExtResource( 2 )

[node name="Grass7" parent="Grass2" instance=ExtResource( 12 )]
position = Vector2( 851.016, 476.627 )
grass_texture = ExtResource( 2 )

[node name="Grass8" parent="Grass2" instance=ExtResource( 12 )]
position = Vector2( 982.87, 476.627 )
grass_texture = ExtResource( 2 )

[node name="Grass9" parent="Grass2" instance=ExtResource( 12 )]
position = Vector2( 1110.29, 476.627 )
grass_texture = ExtResource( 2 )

[node name="Grass10" parent="Grass2" instance=ExtResource( 12 )]
position = Vector2( 1238.82, 476.627 )
grass_texture = ExtResource( 2 )

[node name="Grass11" parent="Grass2" instance=ExtResource( 12 )]
position = Vector2( 1369.36, 476.627 )
grass_texture = ExtResource( 2 )

[node name="Curtains" type="Node2D" parent="."]
__meta__ = {
"_edit_lock_": true
}

[node name="SideCurtain" type="Sprite" parent="Curtains"]
position = Vector2( 65.8588, 238.18 )
texture = ExtResource( 3 )

[node name="Rope" type="Sprite" parent="Curtains/SideCurtain"]
position = Vector2( -44.1983, 6.13864 )
texture = ExtResource( 9 )

[node name="SideCurtain2" type="Sprite" parent="Curtains"]
position = Vector2( 1301.34, 235.724 )
scale = Vector2( -1, 1 )
texture = ExtResource( 3 )

[node name="Rope" type="Sprite" parent="Curtains/SideCurtain2"]
position = Vector2( -46.6537, 6.13861 )
texture = ExtResource( 9 )

[node name="UnderCurtains" type="Node2D" parent="."]
position = Vector2( 42.2056, 55.7716 )
__meta__ = {
"_edit_lock_": true
}

[node name="UnderCurtain" type="Sprite" parent="UnderCurtains"]
position = Vector2( 169.427, -11.0495 )
texture = ExtResource( 6 )

[node name="UnderCurtain2" type="Sprite" parent="UnderCurtains"]
position = Vector2( 290.358, 1.22776 )
scale = Vector2( 1.00614, 1 )
texture = ExtResource( 6 )

[node name="UnderCurtain3" type="Sprite" parent="UnderCurtains"]
position = Vector2( 426.022, -6.13863 )
texture = ExtResource( 6 )

[node name="UnderCurtain4" type="Sprite" parent="UnderCurtains"]
position = Vector2( 891.332, -9.82184 )
texture = ExtResource( 6 )

[node name="UnderCurtain5" type="Sprite" parent="UnderCurtains"]
position = Vector2( 1011.65, 1.22775 )
texture = ExtResource( 6 )

[node name="UnderCurtain6" type="Sprite" parent="UnderCurtains"]
position = Vector2( 1140.56, -4.91092 )
texture = ExtResource( 6 )

[node name="TopCurtain" type="Node2D" parent="."]
__meta__ = {
"_edit_lock_": true
}

[node name="Curtain" type="Sprite" parent="TopCurtain"]
position = Vector2( 1149.4, 0 )
texture = ExtResource( 7 )

[node name="Curtain2" type="Sprite" parent="TopCurtain"]
position = Vector2( 127.423, -1.16635 )
texture = ExtResource( 7 )

[node name="Curtain3" type="Sprite" parent="TopCurtain"]
position = Vector2( 382.269, 0 )
texture = ExtResource( 7 )

[node name="Curtain4" type="Sprite" parent="TopCurtain"]
position = Vector2( 638.223, 0 )
texture = ExtResource( 7 )

[node name="Curtain5" type="Sprite" parent="TopCurtain"]
position = Vector2( 894.17, 0 )
texture = ExtResource( 7 )

[node name="Curtain6" type="Sprite" parent="TopCurtain"]
position = Vector2( 1405.45, 0.693832 )
texture = ExtResource( 7 )

[node name="TransitionScene" parent="." instance=ExtResource( 13 )]
position = Vector2( 200.475, 7.15981 )

[node name="BackgroundMusic" type="AudioStreamPlayer" parent="."]
pause_mode = 2
stream = ExtResource( 14 )

[node name="Hud" parent="." instance=ExtResource( 15 )]
margin_left = 1.54761
margin_top = 1.16635
margin_right = 1367.55
margin_bottom = 769.166

[node name="Rifle" parent="." instance=ExtResource( 16 )]
visible = false
total_ammo = 12

[node name="Camera2D" type="Camera2D" parent="."]
position = Vector2( 682.068, 384.203 )
current = true
__meta__ = {
"_edit_group_": true
}

[node name="ScreenShake" parent="Camera2D" instance=ExtResource( 8 )]
